@MANUAL{proglangRDevelopmentCoreTeam2013,
  title = {\proglang{R}: A Language and Environment for Statistical Computing},
  author = {{\proglang{R} Development Core Team}},
  organization = {\proglang{R} Foundation for Statistical Computing},
  address = {Vienna, Austria},
  year = {2013},
  note = {{ISBN} 3-900051-07-0},
  owner = {usuario},
  timestamp = {2013.05.27},
  url = {http://www.R-project.org}
}

@ARTICLE{Alsamamra.Ruiz-Arias.ea2009,
  author = {Husain Alsamamra and Jose Antonio Ruiz-Arias and David Pozo-Vázquez
	and Joaquin Tovar-Pescador},
  title = {A Comparative Study of Ordinary and Residual Kriging Techniques for
	Mapping Global Solar Radiation over Southern Spain},
  journal = {Agricultural and Forest Meteorology},
  year = {2009},
  volume = {149},
  pages = {1343 - 1357},
  number = {8},
  keywords = {\{GIS\}},
  owner = {usuario},
  timestamp = {2013.05.27}
}

@ARTICLE{Antonanzas-Torres.Canizares.ea2013,
  author = {Fernando Antonanzas-Torres and Federico Cañizares and Oscar Perpiñán},
  title = {Comparative Assessment of Global Irradiation from a Satellite Estimate
	Model (CM SAF) and On-Ground Measurements (SIAR): a Spanish Case
	Study},
  journal = {Renewable and Sustainable Energy Reviews},
  year = {2013},
  volume = {21},
  pages = {248-261},
  owner = {usuario},
  timestamp = {2013.05.27}
}

@ARTICLE{Batlles.Bosch.ea2008,
  author = {F.J. Batlles and J.L. Bosch and J. Tovar-Pescador and M. Martínez-Durbán
	and R. Ortega and I. Miralles},
  title = {Determination of Atmospheric Parameters to Estimate Global Radiation
	in Areas of Complex Topography: Generation of Global Irradiation
	Map},
  journal = {Energy Conversion and Management },
  year = {2008},
  volume = {49},
  pages = {336 - 345},
  number = {2},
  keywords = {Global solar radiation},
  owner = {usuario},
  timestamp = {2013.05.27}
}

@ARTICLE{Bosch.Batlles.ea2010,
  author = {J.L. Bosch and F.J. Batlles and L.F. Zarzalejo and G. López},
  title = {Solar Resources Estimation Combining Digital Terrain Models and Satellite
	Images Techniques},
  journal = {Renewable Energy},
  year = {2010},
  volume = {35},
  pages = {2853 - 2861},
  number = {12},
  keywords = {Meteosat},
  owner = {usuario},
  timestamp = {2013.05.27}
}

@ARTICLE{Corripio2003,
  author = {J. Corripio},
  title = {Vectorial Algebra Algorithms for Calculating Terrain Parameters from
	DEMs and Solar Radiation Modelling in Mountainous Terrain},
  journal = {International Journal of Geographical Information Science},
  year = {2003},
  volume = {17},
  pages = {1-23},
  owner = {usuario},
  timestamp = {2013.05.27}
}

@ARTICLE{Hay.Mckay1985,
  author = {Hay, E. and Mckay, D.C.},
  title = {Estimating Solar Irradiance on Inclined Surfaces: a Review and Assessment
	of Methodologies},
  journal = {International Journal of Solar Energy},
  year = {1985},
  volume = {3},
  pages = {203-240},
  owner = {usuario},
  timestamp = {2013.05.27}
}

@BOOK{Hengl2009,
  title = {A Practical Guide to Geostatistical Mapping},
  year = {2009},
  author = {T. Hengl},
  owner = {usuario},
  timestamp = {2013.05.27},
  url = {http://spatial-analyst.net/book/}
}

@MANUAL{Hijmans.Etten2013,
  title = {\pkg{raster}: Geographic Data Analysis and Modeling},
  author = {Robert J. Hijmans and Jacob van Etten},
  year = {2013},
  note = {\proglang{R}~package version~2.1-25},
  owner = {usuario},
  timestamp = {2013.05.27},
  url = {http://CRAN.R-project.org/package=raster}
}

@MANUAL{Pebesma.Bivand.ea2013,
  title = {\pkg{sp}: Classes and Methods for Spatial Data},
  author = {Edzer Pebesma and Roger Bivand and Barry Rowlingson and Virgilio
	Gomez-Rubio},
  year = {2013},
  note = {\proglang{R}~package version~1.0-9},
  __markedentry = {[usuario:6]},
  owner = {usuario},
  timestamp = {2013.05.27},
  url = {http://CRAN.R-project.org/package=sp}
}

@MANUAL{Pebesma.Graeler2013,
  title = {\pkg{gstat}: Spatial and Spatio-Temporal Geostatistical Modelling,
	Prediction and Simulation},
  author = {Edzer Pebesma and Benedikt Graeler},
  year = {2013},
  note = {\proglang{R}~package version~1.0-16},
  __markedentry = {[usuario:]},
  owner = {usuario},
  timestamp = {2013.05.27},
  url = {http://CRAN.R-project.org/package=gstat}
}

@ARTICLE{Pebesma2004,
  author = {Pebesma, E.~J.},
  title = {Multivariable Geostatistics in \proglang{S}: the \pkg{gstat} package.},
  journal = {Computers \& Geosciences},
  year = {2004},
  volume = {30},
  pages = {683-691},
  owner = {usuario},
  timestamp = {2013.05.27}
}

@ARTICLE{Perez.Seals.ea1994,
  author = {Richard Perez and Robert Seals and Ronald Stewart and Antoine Zelenka
	and Vicente Estrada-Cajigal},
  title = {Using Satellite-Derived Insolation Data for the Site/Time Specific
	Simulation of Solar Energy Systems},
  journal = {Solar Energy },
  year = {1994},
  volume = {53},
  pages = {491 - 495},
  number = {6},
  owner = {usuario},
  timestamp = {2013.05.27}
}

@ARTICLE{Perpinan-Lamigueiro2012,
  author = {Oscar Perpiñán-Lamigueiro},
  title = {\pkg{solaR}: Solar Radiation and Photovoltaic Systems with \proglang{R}},
  journal = {Journal of Statistical Software},
  year = {2012},
  volume = {50},
  pages = {1--32},
  number = {9},
  month = {8},
  accepted = {2012-06-18},
  bibdate = {2012-06-18},
  coden = {JSSOBK},
  day = {22},
  issn = {1548-7660},
  owner = {usuario},
  submitted = {2011-12-21},
  timestamp = {2013.05.27},
  url = {http://www.jstatsoft.org/v50/i09}
}

@BOOK{Perpinan-Lamigueiro2012a,
  title = {Energía Solar Fotovoltaica},
  year = {2012},
  author = {Oscar Perpiñán-Lamigueiro},
  owner = {usuario},
  timestamp = {2013.05.27},
  url = {http://procomun.wordpress.com/
documentos/libroesf/}
}

@MANUAL{Perpinan-Lamiguiero.Hijmans2013,
  title = {\pkg{rasterVis}: Visualization Methods for the Raster Package},
  author = {Oscar Perpiñán-Lamiguiero and Robert J. Hijmans},
  year = {2013},
  note = {\proglang{R}~package version~0.20-07},
  owner = {usuario},
  timestamp = {2013.05.27},
  url = {http://CRAN.R-project.org/package=rasterVis}
}

@ARTICLE{Posselt.Mueller.ea2012a,
  author = {R. Posselt and R.W. Mueller and R. Stöckli and J. Trentmann},
  title = {Remote Sensing of Solar Surface Radiation for Climate Monitoring
	— the CM-SAF Retrieval in International Comparison},
  journal = {Remote Sensing of Environment },
  year = {2012},
  volume = {118},
  pages = {186 - 198},
  number = {0},
  keywords = {Solar surface irradiance},
  owner = {usuario},
  timestamp = {2013.05.27}
}

@TECHREPORT{Posselt.Muller.ea2011,
  author = {R. Posselt and R. Muller and J. Trentmann and R. Stockli},
  title = {Meteosat (MVIRI) Solar Surface Irradiance and Effective Cloud Albedo
	Climate Data Sets. The CM SAF Validation Report},
  institution = {The EUMETSAT Network of Satellite Application Facilities},
  year = {2011},
  owner = {usuario},
  timestamp = {2013.05.27}
}

@ARTICLE{Ruiz-Arias.Cebecauer.ea2010,
  author = {José A. Ruiz-Arias and Tomáš Cebecauer and Joaquín Tovar-Pescador
	and Marcel Šúri},
  title = {Spatial Disaggregation of Satellite-Derived Irradiance Using a High-Resolution
	Digital Elevation Model},
  journal = {Solar Energy},
  year = {2010},
  volume = {84},
  pages = {1644 - 1657},
  number = {9},
  keywords = {Solar irradiance},
  owner = {usuario},
  timestamp = {2013.05.27}
}

@ARTICLE{Schulz.Albert.ea2009,
  author = {Schulz, J. and Albert, P. and Behr, H.-D. and Caprion, D. and Deneke,
	H. and Dewitte, S. and D\"urr, B. and Fuchs, P. and Gratzki, A. and
	Hechler, P. and Hollmann, R. and Johnston, S. and Karlsson, K.-G.
	and Manninen, T. and M\"uller, R. and Reuter, M. and Riihel\"a, A.
	and Roebeling, R. and Selbach, N. and Tetzlaff, A. and Thomas, W.
	and Werscheck, M. and Wolters, E. and Zelenka, A.},
  title = {Operational Climate Monitoring from Space: the EUMETSAT Satellite
	Application Facility on Climate Monitoring (CM-SAF)},
  journal = {Atmospheric Chemistry and Physics},
  year = {2009},
  volume = {9},
  pages = {1687--1709},
  number = {5},
  owner = {usuario},
  timestamp = {2013.05.27}
}

@comment{jabref-meta: selector_review:}

@comment{jabref-meta: selector_publisher:}

@comment{jabref-meta: selector_author:}

@comment{jabref-meta: selector_journal:}

@comment{jabref-meta: selector_keywords:}

